[{"DATE":"11/23/2015","revenue":2754371.667,"25%tile revenue":1377185.834,"75%tile revenue":4131557.501},{"DATE":"11/30/2015","revenue":2584276.667,"25%tile revenue":1292138.334,"75%tile revenue":3876415.001},{"DATE":"12/7/2015","revenue":2547386.667,"25%tile revenue":1273693.334,"75%tile revenue":3821080.001},{"DATE":"12/14/2015","revenue":2875220,"25%tile revenue":1437610,"75%tile revenue":4312830},{"DATE":"12/21/2015","revenue":2215953.333,"25%tile revenue":1107976.667,"75%tile revenue":3323930},{"DATE":"12/28/2015","revenue":2569921.667,"25%tile revenue":1284960.834,"75%tile revenue":3854882.501},{"DATE":"1/4/2016","revenue":2171506.667,"25%tile revenue":1085753.334,"75%tile revenue":3257260.001},{"DATE":"1/11/2016","revenue":2464131.667,"25%tile revenue":1232065.834,"75%tile revenue":3696197.501},{"DATE":"1/18/2016","revenue":2012520,"25%tile revenue":1006260,"75%tile revenue":3018780},{"DATE":"1/25/2016","revenue":1738911.667,"25%tile revenue":869455.8335,"75%tile revenue":2608367.501},{"DATE":"2/1/2016","revenue":1772306.667,"25%tile revenue":886153.3335,"75%tile revenue":2658460.001},{"DATE":"2/8/2016","revenue":1809058.333,"25%tile revenue":904529.1665,"75%tile revenue":2713587.5},{"DATE":"2/15/2016","revenue":1952740,"25%tile revenue":976370,"75%tile revenue":2929110},{"DATE":"2/22/2016","revenue":1507805,"25%tile revenue":753902.5,"75%tile revenue":2261707.5},{"DATE":"2/29/2016","revenue":1510391.667,"25%tile revenue":755195.8335,"75%tile revenue":2265587.501},{"DATE":"3/7/2016","revenue":1588840,"25%tile revenue":794420,"75%tile revenue":2383260},{"DATE":"3/14/2016","revenue":1605990,"25%tile revenue":802995,"75%tile revenue":2408985},{"DATE":"3/21/2016","revenue":1356010,"25%tile revenue":678005,"75%tile revenue":2034015},{"DATE":"3/28/2016","revenue":2103936.667,"25%tile revenue":1051968.334,"75%tile revenue":3155905.001},{"DATE":"4/4/2016","revenue":1120835,"25%tile revenue":560417.5,"75%tile revenue":1681252.5},{"DATE":"4/11/2016","revenue":1141140,"25%tile revenue":570570,"75%tile revenue":1711710},{"DATE":"4/18/2016","revenue":1166880,"25%tile revenue":583440,"75%tile revenue":1750320},{"DATE":"4/25/2016","revenue":888806.6667,"25%tile revenue":444403.3334,"75%tile revenue":1333210},{"DATE":"5/2/2016","revenue":898873.3333,"25%tile revenue":449436.6667,"75%tile revenue":1348310},{"DATE":"5/9/2016","revenue":889373.3333,"25%tile revenue":444686.6667,"75%tile revenue":1334060},{"DATE":"5/16/2016","revenue":1915375,"25%tile revenue":957687.5,"75%tile revenue":2873062.5},{"DATE":"5/23/2016","revenue":1006845,"25%tile revenue":503422.5,"75%tile revenue":1510267.5},{"DATE":"5/30/2016","revenue":869198.3333,"25%tile revenue":434599.1667,"75%tile revenue":1303797.5},{"DATE":"6/6/2016","revenue":727250,"25%tile revenue":363625,"75%tile revenue":1090875},{"DATE":"6/13/2016","revenue":753730,"25%tile revenue":376865,"75%tile revenue":1130595},{"DATE":"6/20/2016","revenue":999196.6667,"25%tile revenue":499598.3334,"75%tile revenue":1498795},{"DATE":"6/27/2016","revenue":845843.3333,"25%tile revenue":422921.6667,"75%tile revenue":1268765},{"DATE":"7/4/2016","revenue":1126016.667,"25%tile revenue":563008.3335,"75%tile revenue":1689025.001},{"DATE":"7/11/2016","revenue":1140978.333,"25%tile revenue":570489.1665,"75%tile revenue":1711467.5},{"DATE":"7/18/2016","revenue":1242656.667,"25%tile revenue":621328.3335,"75%tile revenue":1863985.001},{"DATE":"7/25/2016","revenue":1293483.333,"25%tile revenue":646741.6665,"75%tile revenue":1940225},{"DATE":"8/1/2016","revenue":1484843.333,"25%tile revenue":742421.6665,"75%tile revenue":2227265},{"DATE":"8/8/2016","revenue":1485698.333,"25%tile revenue":742849.1665,"75%tile revenue":2228547.5},{"DATE":"8/15/2016","revenue":1556608.333,"25%tile revenue":778304.1665,"75%tile revenue":2334912.5},{"DATE":"8/22/2016","revenue":1391206.667,"25%tile revenue":695603.3335,"75%tile revenue":2086810.001},{"DATE":"8/29/2016","revenue":2018783.333,"25%tile revenue":1009391.667,"75%tile revenue":3028175},{"DATE":"9/5/2016","revenue":2170721.667,"25%tile revenue":1085360.834,"75%tile revenue":3256082.501},{"DATE":"9/12/2016","revenue":2247670,"25%tile revenue":1123835,"75%tile revenue":3371505},{"DATE":"9/19/2016","revenue":2192026.667,"25%tile revenue":1096013.334,"75%tile revenue":3288040.001},{"DATE":"9/26/2016","revenue":1895213.333,"25%tile revenue":947606.6665,"75%tile revenue":2842820},{"DATE":"10/3/2016","revenue":2232910,"25%tile revenue":1116455,"75%tile revenue":3349365},{"DATE":"10/10/2016","revenue":2406035,"25%tile revenue":1203017.5,"75%tile revenue":3609052.5},{"DATE":"10/17/2016","revenue":2252445,"25%tile revenue":1126222.5,"75%tile revenue":3378667.5},{"DATE":"10/24/2016","revenue":2663125,"25%tile revenue":1331562.5,"75%tile revenue":3994687.5},{"DATE":"10/31/2016","revenue":2974771.667,"25%tile revenue":1487385.834,"75%tile revenue":4462157.501},{"DATE":"11/7/2016","revenue":2826128.333,"25%tile revenue":1413064.167,"75%tile revenue":4239192.5},{"DATE":"11/14/2016","revenue":3182900,"25%tile revenue":1591450,"75%tile revenue":4774350},{"DATE":"11/21/2016","revenue":2964696.667,"25%tile revenue":1482348.334,"75%tile revenue":4447045.001},{"DATE":"11/28/2016","revenue":2848525,"25%tile revenue":1424262.5,"75%tile revenue":4272787.5},{"DATE":"12/5/2016","revenue":2740160,"25%tile revenue":1370080,"75%tile revenue":4110240},{"DATE":"12/12/2016","revenue":2380508.333,"25%tile revenue":1190254.167,"75%tile revenue":3570762.5},{"DATE":"12/19/2016","revenue":2230915,"25%tile revenue":1115457.5,"75%tile revenue":3346372.5},{"DATE":"12/26/2016","revenue":3659425,"25%tile revenue":1829712.5,"75%tile revenue":5489137.5},{"DATE":"1/2/2017","revenue":2827008.333,"25%tile revenue":1413504.167,"75%tile revenue":4240512.5},{"DATE":"1/9/2017","revenue":2042143.333,"25%tile revenue":1021071.667,"75%tile revenue":3063215},{"DATE":"1/16/2017","revenue":2113358.333,"25%tile revenue":1056679.167,"75%tile revenue":3170037.5},{"DATE":"1/23/2017","revenue":2179918.333,"25%tile revenue":1089959.167,"75%tile revenue":3269877.5},{"DATE":"1/30/2017","revenue":2370613.333,"25%tile revenue":1185306.667,"75%tile revenue":3555920},{"DATE":"2/6/2017","revenue":1814556.667,"25%tile revenue":907278.3335,"75%tile revenue":2721835.001},{"DATE":"2/13/2017","revenue":1951668.333,"25%tile revenue":975834.1665,"75%tile revenue":2927502.5},{"DATE":"2/20/2017","revenue":1918238.333,"25%tile revenue":959119.1665,"75%tile revenue":2877357.5},{"DATE":"2/27/2017","revenue":1472390,"25%tile revenue":736195,"75%tile revenue":2208585},{"DATE":"3/6/2017","revenue":1477865,"25%tile revenue":738932.5,"75%tile revenue":2216797.5},{"DATE":"3/13/2017","revenue":1300166.667,"25%tile revenue":650083.3335,"75%tile revenue":1950250.001},{"DATE":"3/20/2017","revenue":1160205,"25%tile revenue":580102.5,"75%tile revenue":1740307.5},{"DATE":"3/27/2017","revenue":1356871.667,"25%tile revenue":678435.8335,"75%tile revenue":2035307.501},{"DATE":"4/3/2017","revenue":1355833.333,"25%tile revenue":677916.6665,"75%tile revenue":2033750},{"DATE":"4/10/2017","revenue":1176266.667,"25%tile revenue":588133.3335,"75%tile revenue":1764400.001},{"DATE":"4/17/2017","revenue":1955281.667,"25%tile revenue":977640.8335,"75%tile revenue":2932922.501},{"DATE":"4/24/2017","revenue":1029928.333,"25%tile revenue":514964.1665,"75%tile revenue":1544892.5},{"DATE":"5/1/2017","revenue":2263143.333,"25%tile revenue":1131571.667,"75%tile revenue":3394715},{"DATE":"5/8/2017","revenue":813771.6667,"25%tile revenue":406885.8334,"75%tile revenue":1220657.5},{"DATE":"5/15/2017","revenue":880871.6667,"25%tile revenue":440435.8334,"75%tile revenue":1321307.5},{"DATE":"5/22/2017","revenue":919185,"25%tile revenue":459592.5,"75%tile revenue":1378777.5},{"DATE":"5/29/2017","revenue":826321.6667,"25%tile revenue":413160.8334,"75%tile revenue":1239482.5},{"DATE":"6/5/2017","revenue":833798.3333,"25%tile revenue":416899.1667,"75%tile revenue":1250697.5},{"DATE":"6/12/2017","revenue":746271.6667,"25%tile revenue":373135.8334,"75%tile revenue":1119407.5},{"DATE":"6/19/2017","revenue":1036406.667,"25%tile revenue":518203.3335,"75%tile revenue":1554610.001},{"DATE":"6/26/2017","revenue":927931.6667,"25%tile revenue":463965.8334,"75%tile revenue":1391897.5},{"DATE":"7/3/2017","revenue":1126943.333,"25%tile revenue":563471.6665,"75%tile revenue":1690415},{"DATE":"7/10/2017","revenue":1184220,"25%tile revenue":592110,"75%tile revenue":1776330},{"DATE":"7/17/2017","revenue":1315508.333,"25%tile revenue":657754.1665,"75%tile revenue":1973262.5},{"DATE":"7/24/2017","revenue":1279360,"25%tile revenue":639680,"75%tile revenue":1919040},{"DATE":"7/31/2017","revenue":1455811.667,"25%tile revenue":727905.8335,"75%tile revenue":2183717.501},{"DATE":"8/7/2017","revenue":1553355,"25%tile revenue":776677.5,"75%tile revenue":2330032.5},{"DATE":"8/14/2017","revenue":1374855,"25%tile revenue":687427.5,"75%tile revenue":2062282.5},{"DATE":"8/21/2017","revenue":1970110,"25%tile revenue":985055,"75%tile revenue":2955165},{"DATE":"8/28/2017","revenue":2336431.667,"25%tile revenue":1168215.834,"75%tile revenue":3504647.501},{"DATE":"9/4/2017","revenue":2002065,"25%tile revenue":1001032.5,"75%tile revenue":3003097.5},{"DATE":"9/11/2017","revenue":2027418.333,"25%tile revenue":1013709.167,"75%tile revenue":3041127.5},{"DATE":"9/18/2017","revenue":1886570,"25%tile revenue":943285,"75%tile revenue":2829855},{"DATE":"9/25/2017","revenue":2529721.667,"25%tile revenue":1264860.834,"75%tile revenue":3794582.501},{"DATE":"10/2/2017","revenue":2357930,"25%tile revenue":1178965,"75%tile revenue":3536895},{"DATE":"10/9/2017","revenue":3003391.667,"25%tile revenue":1501695.834,"75%tile revenue":4505087.501},{"DATE":"10/16/2017","revenue":2283685,"25%tile revenue":1141842.5,"75%tile revenue":3425527.5},{"DATE":"10/23/2017","revenue":2584721.667,"25%tile revenue":1292360.834,"75%tile revenue":3877082.501},{"DATE":"10/30/2017","revenue":2565400,"25%tile revenue":1282700,"75%tile revenue":3848100},{"DATE":"11/6/2017","revenue":3407085,"25%tile revenue":1703542.5,"75%tile revenue":5110627.5},{"DATE":"11/13/2017","revenue":2803291.667,"25%tile revenue":1401645.834,"75%tile revenue":4204937.501},{"DATE":"11/20/2017","revenue":3303155,"25%tile revenue":1651577.5,"75%tile revenue":4954732.5},{"DATE":"11/27/2017","revenue":3103743.333,"25%tile revenue":1551871.667,"75%tile revenue":4655615},{"DATE":"12/4/2017","revenue":2793875,"25%tile revenue":1396937.5,"75%tile revenue":4190812.5},{"DATE":"12/11/2017","revenue":2260396.667,"25%tile revenue":1130198.334,"75%tile revenue":3390595.001},{"DATE":"12/18/2017","revenue":2399176.667,"25%tile revenue":1199588.334,"75%tile revenue":3598765.001},{"DATE":"12/25/2017","revenue":3827520,"25%tile revenue":1913760,"75%tile revenue":5741280},{"DATE":"1/1/2018","revenue":3109461.667,"25%tile revenue":1554730.834,"75%tile revenue":4664192.501},{"DATE":"1/8/2018","revenue":2228128.333,"25%tile revenue":1114064.167,"75%tile revenue":3342192.5},{"DATE":"1/15/2018","revenue":2202593.333,"25%tile revenue":1101296.667,"75%tile revenue":3303890},{"DATE":"1/22/2018","revenue":1918293.333,"25%tile revenue":959146.6665,"75%tile revenue":2877440},{"DATE":"1/29/2018","revenue":1862458.333,"25%tile revenue":931229.1665,"75%tile revenue":2793687.5},{"DATE":"2/5/2018","revenue":1975951.667,"25%tile revenue":987975.8335,"75%tile revenue":2963927.501},{"DATE":"2/12/2018","revenue":1827318.333,"25%tile revenue":913659.1665,"75%tile revenue":2740977.5},{"DATE":"2/19/2018","revenue":1656268.333,"25%tile revenue":828134.1665,"75%tile revenue":2484402.5},{"DATE":"2/26/2018","revenue":1703790,"25%tile revenue":851895,"75%tile revenue":2555685},{"DATE":"3/5/2018","revenue":1488115,"25%tile revenue":744057.5,"75%tile revenue":2232172.5},{"DATE":"3/12/2018","revenue":1727330,"25%tile revenue":863665,"75%tile revenue":2590995},{"DATE":"3/19/2018","revenue":1208246.667,"25%tile revenue":604123.3335,"75%tile revenue":1812370.001},{"DATE":"3/26/2018","revenue":1388960,"25%tile revenue":694480,"75%tile revenue":2083440},{"DATE":"4/2/2018","revenue":2408331.667,"25%tile revenue":1204165.834,"75%tile revenue":3612497.501},{"DATE":"4/9/2018","revenue":1131721.667,"25%tile revenue":565860.8335,"75%tile revenue":1697582.501},{"DATE":"4/16/2018","revenue":950015,"25%tile revenue":475007.5,"75%tile revenue":1425022.5},{"DATE":"4/23/2018","revenue":801298.3333,"25%tile revenue":400649.1667,"75%tile revenue":1201947.5},{"DATE":"4/30/2018","revenue":779838.3333,"25%tile revenue":389919.1667,"75%tile revenue":1169757.5},{"DATE":"5/7/2018","revenue":889546.6667,"25%tile revenue":444773.3334,"75%tile revenue":1334320},{"DATE":"5/14/2018","revenue":862850,"25%tile revenue":431425,"75%tile revenue":1294275},{"DATE":"5/21/2018","revenue":2601601.667,"25%tile revenue":1300800.834,"75%tile revenue":3902402.501},{"DATE":"5/28/2018","revenue":905008.3333,"25%tile revenue":452504.1667,"75%tile revenue":1357512.5},{"DATE":"6/4/2018","revenue":910551.6667,"25%tile revenue":455275.8334,"75%tile revenue":1365827.5},{"DATE":"6/11/2018","revenue":923853.3333,"25%tile revenue":461926.6667,"75%tile revenue":1385780},{"DATE":"6/18/2018","revenue":982420,"25%tile revenue":491210,"75%tile revenue":1473630},{"DATE":"6/25/2018","revenue":1056811.667,"25%tile revenue":528405.8335,"75%tile revenue":1585217.501},{"DATE":"7/2/2018","revenue":932326.6667,"25%tile revenue":466163.3334,"75%tile revenue":1398490},{"DATE":"7/9/2018","revenue":1126221.667,"25%tile revenue":563110.8335,"75%tile revenue":1689332.501},{"DATE":"7/16/2018","revenue":1140006.667,"25%tile revenue":570003.3335,"75%tile revenue":1710010.001},{"DATE":"7/23/2018","revenue":1479303.333,"25%tile revenue":739651.6665,"75%tile revenue":2218955},{"DATE":"7/30/2018","revenue":1647193.333,"25%tile revenue":823596.6665,"75%tile revenue":2470790},{"DATE":"8/6/2018","revenue":2009478.333,"25%tile revenue":1004739.167,"75%tile revenue":3014217.5},{"DATE":"8/13/2018","revenue":1523443.333,"25%tile revenue":761721.6665,"75%tile revenue":2285165},{"DATE":"8/20/2018","revenue":1420118.333,"25%tile revenue":710059.1665,"75%tile revenue":2130177.5},{"DATE":"8/27/2018","revenue":1673551.667,"25%tile revenue":836775.8335,"75%tile revenue":2510327.501},{"DATE":"9/3/2018","revenue":2061091.667,"25%tile revenue":1030545.834,"75%tile revenue":3091637.501},{"DATE":"9/10/2018","revenue":2144110,"25%tile revenue":1072055,"75%tile revenue":3216165},{"DATE":"9/17/2018","revenue":2058653.333,"25%tile revenue":1029326.667,"75%tile revenue":3087980},{"DATE":"9/24/2018","revenue":2208345,"25%tile revenue":1104172.5,"75%tile revenue":3312517.5},{"DATE":"10/1/2018","revenue":2603008.333,"25%tile revenue":1301504.167,"75%tile revenue":3904512.5},{"DATE":"10/8/2018","revenue":2313193.333,"25%tile revenue":1156596.667,"75%tile revenue":3469790},{"DATE":"10/15/2018","revenue":2813106.667,"25%tile revenue":1406553.334,"75%tile revenue":4219660.001},{"DATE":"10/22/2018","revenue":2665110,"25%tile revenue":1332555,"75%tile revenue":3997665},{"DATE":"10/29/2018","revenue":2947875,"25%tile revenue":1473937.5,"75%tile revenue":4421812.5},{"DATE":"11/5/2018","revenue":2768941.667,"25%tile revenue":1384470.834,"75%tile revenue":4153412.501},{"DATE":"11/12/2018","revenue":2666240,"25%tile revenue":1333120,"75%tile revenue":3999360},{"DATE":"11/19/2018","revenue":2559550,"25%tile revenue":1279775,"75%tile revenue":3839325},{"DATE":"11/26/2018","revenue":2653766.667,"25%tile revenue":1326883.334,"75%tile revenue":3980650.001},{"DATE":"12/3/2018","revenue":2144703.333,"25%tile revenue":1072351.667,"75%tile revenue":3217055},{"DATE":"12/10/2018","revenue":2451681.667,"25%tile revenue":1225840.834,"75%tile revenue":3677522.501},{"DATE":"12/17/2018","revenue":2469486.667,"25%tile revenue":1234743.334,"75%tile revenue":3704230.001},{"DATE":"12/24/2018","revenue":3208150,"25%tile revenue":1604075,"75%tile revenue":4812225},{"DATE":"12/31/2018","revenue":2746851.667,"25%tile revenue":1373425.834,"75%tile revenue":4120277.501},{"DATE":"1/7/2019","revenue":2566165,"25%tile revenue":1283082.5,"75%tile revenue":3849247.5},{"DATE":"1/14/2019","revenue":2554828.333,"25%tile revenue":1277414.167,"75%tile revenue":3832242.5},{"DATE":"1/21/2019","revenue":1959706.667,"25%tile revenue":979853.3335,"75%tile revenue":2939560.001},{"DATE":"1/28/2019","revenue":2424486.667,"25%tile revenue":1212243.334,"75%tile revenue":3636730.001},{"DATE":"2/4/2019","revenue":1953060,"25%tile revenue":976530,"75%tile revenue":2929590},{"DATE":"2/11/2019","revenue":2086935,"25%tile revenue":1043467.5,"75%tile revenue":3130402.5},{"DATE":"2/18/2019","revenue":1675816.667,"25%tile revenue":837908.3335,"75%tile revenue":2513725.001},{"DATE":"2/25/2019","revenue":1976413.333,"25%tile revenue":988206.6665,"75%tile revenue":2964620},{"DATE":"3/4/2019","revenue":1480760,"25%tile revenue":740380,"75%tile revenue":2221140},{"DATE":"3/11/2019","revenue":1425500,"25%tile revenue":712750,"75%tile revenue":2138250},{"DATE":"3/18/2019","revenue":1156860,"25%tile revenue":578430,"75%tile revenue":1735290},{"DATE":"3/25/2019","revenue":1252230,"25%tile revenue":626115,"75%tile revenue":1878345},{"DATE":"4/1/2019","revenue":1209373.333,"25%tile revenue":604686.6665,"75%tile revenue":1814060},{"DATE":"4/8/2019","revenue":1183801.667,"25%tile revenue":591900.8335,"75%tile revenue":1775702.501},{"DATE":"4/15/2019","revenue":918593.3333,"25%tile revenue":459296.6667,"75%tile revenue":1377890},{"DATE":"4/22/2019","revenue":2303595,"25%tile revenue":1151797.5,"75%tile revenue":3455392.5},{"DATE":"4/29/2019","revenue":890675,"25%tile revenue":445337.5,"75%tile revenue":1336012.5},{"DATE":"5/6/2019","revenue":989913.3333,"25%tile revenue":494956.6667,"75%tile revenue":1484870},{"DATE":"5/13/2019","revenue":915791.6667,"25%tile revenue":457895.8334,"75%tile revenue":1373687.5},{"DATE":"5/20/2019","revenue":746205,"25%tile revenue":373102.5,"75%tile revenue":1119307.5},{"DATE":"5/27/2019","revenue":723785,"25%tile revenue":361892.5,"75%tile revenue":1085677.5},{"DATE":"6/3/2019","revenue":903125,"25%tile revenue":451562.5,"75%tile revenue":1354687.5},{"DATE":"6/10/2019","revenue":672250,"25%tile revenue":336125,"75%tile revenue":1008375},{"DATE":"6/17/2019","revenue":739783.3333,"25%tile revenue":369891.6667,"75%tile revenue":1109675},{"DATE":"6/24/2019","revenue":831833.3333,"25%tile revenue":415916.6667,"75%tile revenue":1247750},{"DATE":"7/1/2019","revenue":939896.6667,"25%tile revenue":469948.3334,"75%tile revenue":1409845},{"DATE":"7/8/2019","revenue":946510,"25%tile revenue":473255,"75%tile revenue":1419765},{"DATE":"7/15/2019","revenue":1063913.333,"25%tile revenue":531956.6665,"75%tile revenue":1595870},{"DATE":"7/22/2019","revenue":1278223.333,"25%tile revenue":639111.6665,"75%tile revenue":1917335},{"DATE":"7/29/2019","revenue":1500828.333,"25%tile revenue":750414.1665,"75%tile revenue":2251242.5},{"DATE":"8/5/2019","revenue":1843118.333,"25%tile revenue":921559.1665,"75%tile revenue":2764677.5},{"DATE":"8/12/2019","revenue":1443773.333,"25%tile revenue":721886.6665,"75%tile revenue":2165660},{"DATE":"8/19/2019","revenue":1397435,"25%tile revenue":698717.5,"75%tile revenue":2096152.5},{"DATE":"8/26/2019","revenue":1930413.333,"25%tile revenue":965206.6665,"75%tile revenue":2895620},{"DATE":"9/2/2019","revenue":2106968.333,"25%tile revenue":1053484.167,"75%tile revenue":3160452.5},{"DATE":"9/9/2019","revenue":2233758.333,"25%tile revenue":1116879.167,"75%tile revenue":3350637.5},{"DATE":"9/16/2019","revenue":2575148.333,"25%tile revenue":1287574.167,"75%tile revenue":3862722.5},{"DATE":"9/23/2019","revenue":2510951.667,"25%tile revenue":1255475.834,"75%tile revenue":3766427.501},{"DATE":"9/30/2019","revenue":2275620,"25%tile revenue":1137810,"75%tile revenue":3413430},{"DATE":"10/7/2019","revenue":2505161.667,"25%tile revenue":1252580.834,"75%tile revenue":3757742.501},{"DATE":"10/14/2019","revenue":2456240,"25%tile revenue":1228120,"75%tile revenue":3684360},{"DATE":"10/21/2019","revenue":2182825,"25%tile revenue":1091412.5,"75%tile revenue":3274237.5},{"DATE":"10/28/2019","revenue":2377706.667,"25%tile revenue":1188853.334,"75%tile revenue":3566560.001},{"DATE":"11/4/2019","revenue":2732825,"25%tile revenue":1366412.5,"75%tile revenue":4099237.5},{"DATE":"11/11/2019","revenue":2767788.333,"25%tile revenue":1383894.167,"75%tile revenue":4151682.5}]